<?xml version = '1.0' encoding = 'UTF-8'?>
<Document xmlns="urn:iso:std:iso:20022:tech:xsd:pain.001.001.03" xmlns:xsi="http://www.w3.org/2001/XMLSchema-instance">
	<CstmrCdtTrfInitn>
		<GrpHdr>
			<MsgId>38932</MsgId>
			<CreDtTm>2016-02-02T14:21:28</CreDtTm>
			<NbOfTxs>19</NbOfTxs>
			<CtrlSum>294714.96</CtrlSum>
			<InitgPty>
				<Nm>AWAS</Nm>
				<Id>
					<OrgId>
						<Othr>
							<Id>SYS11982</Id>
						</Othr>
					</OrgId>
				</Id>
			</InitgPty>
		</GrpHdr>
		<PmtInf>
			<PmtInfId>38932_1</PmtInfId>
			<PmtMtd>TRF</PmtMtd>
			<BtchBookg>false</BtchBookg>
			<NbOfTxs>1</NbOfTxs>
			<CtrlSum>27882.10</CtrlSum>
			<PmtTpInf>
				<InstrPrty>NORM</InstrPrty>
				<SvcLvl>
					<Cd>URGP</Cd>
				</SvcLvl>
				<LclInstrm>
					<Cd/>
				</LclInstrm>
			</PmtTpInf>
			<ReqdExctnDt>2016-02-02</ReqdExctnDt>
			<Dbtr>
				<Nm>AWAS</Nm>
				<PstlAdr>
					<StrtNm>5th Floor, Block B</StrtNm>
					<PstCd>D02 EW65</PstCd>
					<TwnNm>Dublin 2</TwnNm>
					<CtrySubDvsn/>
					<Ctry>IE</Ctry>
				</PstlAdr>
				<Id>
					<OrgId>
						<Othr>
							<Id>SYS11982</Id>
						</Othr>
					</OrgId>
				</Id>
			</Dbtr>
			<DbtrAcct>
				<Id>
					<Othr>
						<Id>36870358</Id>
					</Othr>
				</Id>
				<Tp>
					<Cd>CACC</Cd>
				</Tp>
				<Ccy>USD</Ccy>
			</DbtrAcct>
			<DbtrAgt>
				<FinInstnId>
					<BIC>CITIUS33</BIC>
					<PstlAdr>
						<Ctry>US</Ctry>
					</PstlAdr>
				</FinInstnId>
			</DbtrAgt>
			<UltmtDbtr>
				<Nm>AWAS</Nm>
				<Id>
					<OrgId>
						<Othr>
							<Id>SYS11982</Id>
						</Othr>
					</OrgId>
				</Id>
			</UltmtDbtr>
			<ChrgBr>SHAR</ChrgBr>
			<CdtTrfTxInf>
				<PmtId>
					<InstrId>AWAS-18033</InstrId>
					<EndToEndId>AWAS:18033</EndToEndId>
				</PmtId>
				<Amt>
					<InstdAmt Ccy="AUD">27882.10</InstdAmt>
				</Amt>
				<CdtrAgt>
					<FinInstnId>
						<BIC>CTBAAU2S</BIC>
						<Nm>COMMONWEALTH BANK OF AUSTRALIA SYDN</Nm>
						<PstlAdr>
							<Ctry>AU</Ctry>
						</PstlAdr>
					</FinInstnId>
				</CdtrAgt>
				<Cdtr>
					<Nm>PATTERSON AVIATION CONSULTING PTY L</Nm>
					<PstlAdr>
						<StrtNm>172 PITTWATER ROAD</StrtNm>
						<PstCd>2095</PstCd>
						<TwnNm/>
						<CtrySubDvsn>NSW</CtrySubDvsn>
						<Ctry>AU</Ctry>
					</PstlAdr>
					<Id>
						<OrgId>
							<Othr>
								<Id>5271</Id>
							</Othr>
						</OrgId>
					</Id>
				</Cdtr>
				<CdtrAcct>
					<Id>
						<Othr>
							<Id>10700956</Id>
						</Othr>
					</Id>
					<Nm>PATTERSON AVIATION CONSULTING PTY LTD</Nm>
				</CdtrAcct>
				<RmtInf>
					<Ustrd>2015-12</Ustrd>
				</RmtInf>
			</CdtTrfTxInf>
		</PmtInf>
		<PmtInf>
			<PmtInfId>38932_2</PmtInfId>
			<PmtMtd>TRF</PmtMtd>
			<BtchBookg>false</BtchBookg>
			<NbOfTxs>8</NbOfTxs>
			<CtrlSum>70128.32</CtrlSum>
			<PmtTpInf>
				<InstrPrty>NORM</InstrPrty>
				<SvcLvl>
					<Cd>URGP</Cd>
				</SvcLvl>
				<LclInstrm>
					<Cd/>
				</LclInstrm>
			</PmtTpInf>
			<ReqdExctnDt>2016-02-02</ReqdExctnDt>
			<Dbtr>
				<Nm>AWAS</Nm>
				<PstlAdr>
					<StrtNm>5th Floor, Block B</StrtNm>
					<PstCd>D02 EW65</PstCd>
					<TwnNm>Dublin 2</TwnNm>
					<CtrySubDvsn/>
					<Ctry>IE</Ctry>
				</PstlAdr>
				<Id>
					<OrgId>
						<Othr>
							<Id>SYS11982</Id>
						</Othr>
					</OrgId>
				</Id>
			</Dbtr>
			<DbtrAcct>
				<Id>
					<Othr>
						<Id>36870358</Id>
					</Othr>
				</Id>
				<Tp>
					<Cd>CACC</Cd>
				</Tp>
				<Ccy>USD</Ccy>
			</DbtrAcct>
			<DbtrAgt>
				<FinInstnId>
					<BIC>CITIUS33</BIC>
					<PstlAdr>
						<Ctry>US</Ctry>
					</PstlAdr>
				</FinInstnId>
			</DbtrAgt>
			<UltmtDbtr>
				<Nm>AWAS</Nm>
				<Id>
					<OrgId>
						<Othr>
							<Id>SYS11982</Id>
						</Othr>
					</OrgId>
				</Id>
			</UltmtDbtr>
			<ChrgBr>DEBT</ChrgBr>
			<CdtTrfTxInf>
				<PmtId>
					<InstrId>AWAS-18035</InstrId>
					<EndToEndId>AWAS:18035</EndToEndId>
				</PmtId>
				<Amt>
					<InstdAmt Ccy="USD">7500.00</InstdAmt>
				</Amt>
				<CdtrAgt>
					<FinInstnId>
						<BIC>WFBIUS6S</BIC>
						<Nm>Wells Fargo Bank Northwest N.A</Nm>
						<PstlAdr>
							<Ctry>US</Ctry>
						</PstlAdr>
					</FinInstnId>
				</CdtrAgt>
				<Cdtr>
					<Nm>WELLS FARGO BANK NORTHWEST, N.A.</Nm>
					<PstlAdr>
						<StrtNm>CORPORATE TRUST LEASE GROUP</StrtNm>
						<PstCd>84111</PstCd>
						<TwnNm>SALT LAKE CITY</TwnNm>
						<CtrySubDvsn>UT</CtrySubDvsn>
						<Ctry>US</Ctry>
					</PstlAdr>
					<Id>
						<OrgId>
							<Othr>
								<Id>3590</Id>
							</Othr>
						</OrgId>
					</Id>
				</Cdtr>
				<CdtrAcct>
					<Id>
						<Othr>
							<Id>1000031565</Id>
						</Othr>
					</Id>
					<Nm>WELLS FARGO</Nm>
				</CdtrAcct>
				<RmtInf>
					<Ustrd>1262002</Ustrd>
					<Ustrd>1262003</Ustrd>
					<Ustrd>1262004</Ustrd>
				</RmtInf>
			</CdtTrfTxInf>
			<CdtTrfTxInf>
				<PmtId>
					<InstrId>AWAS-18036</InstrId>
					<EndToEndId>AWAS:18036</EndToEndId>
				</PmtId>
				<Amt>
					<InstdAmt Ccy="USD">8500.00</InstdAmt>
				</Amt>
				<IntrmyAgt1>
					<FinInstnId>
						<BIC>NWBKGB2L</BIC>
					</FinInstnId>
				</IntrmyAgt1>
				<CdtrAgt>
					<FinInstnId>
						<BIC>WFBIUS6WFFX</BIC>
						<Nm>WELLS FARGO</Nm>
						<PstlAdr>
							<Ctry>US</Ctry>
						</PstlAdr>
					</FinInstnId>
				</CdtrAgt>
				<Cdtr>
					<Nm>WELLS FARGO BANK NORTHWEST, N.A.</Nm>
					<PstlAdr>
						<StrtNm>CORPORATE TRUST LEASE GROUP</StrtNm>
						<PstCd>84111</PstCd>
						<TwnNm>SALT LAKE CITY</TwnNm>
						<CtrySubDvsn>UT</CtrySubDvsn>
						<Ctry>US</Ctry>
					</PstlAdr>
					<Id>
						<OrgId>
							<Othr>
								<Id>3590</Id>
							</Othr>
						</OrgId>
					</Id>
				</Cdtr>
				<CdtrAcct>
					<Id>
						<Othr>
							<Id>7776001112</Id>
						</Othr>
					</Id>
					<Nm>WF BANK NA CORPORATE TRUST INT' ACTIVITY</Nm>
				</CdtrAcct>
				<RmtInf>
					<Ustrd>1273102</Ustrd>
					<Ustrd>1273103</Ustrd>
				</RmtInf>
			</CdtTrfTxInf>
			<CdtTrfTxInf>
				<PmtId>
					<InstrId>AWAS-18037</InstrId>
					<EndToEndId>AWAS:18037</EndToEndId>
				</PmtId>
				<Amt>
					<InstdAmt Ccy="USD">10262.35</InstdAmt>
				</Amt>
				<CdtrAgt>
					<FinInstnId>
						<BIC>WPACAU2S</BIC>
						<Nm>WESTPAC BANKING CORPORATION</Nm>
						<PstlAdr>
							<Ctry>AU</Ctry>
						</PstlAdr>
					</FinInstnId>
				</CdtrAgt>
				<Cdtr>
					<Nm>PAUL ADAMEK</Nm>
					<PstlAdr>
						<StrtNm>5 ALLANDALE ROAD</StrtNm>
						<PstCd>3021</PstCd>
						<TwnNm/>
						<CtrySubDvsn>VIC</CtrySubDvsn>
						<Ctry>AU</Ctry>
					</PstlAdr>
					<Id>
						<OrgId>
							<Othr>
								<Id>4614</Id>
							</Othr>
						</OrgId>
					</Id>
				</Cdtr>
				<CdtrAcct>
					<Id>
						<Othr>
							<Id>69-8549</Id>
						</Othr>
					</Id>
					<Nm>MR PAUL ADAMEK + MRS VJERA ADAMEK</Nm>
				</CdtrAcct>
				<RmtInf>
					<Ustrd>PA411-169</Ustrd>
				</RmtInf>
			</CdtTrfTxInf>
			<CdtTrfTxInf>
				<PmtId>
					<InstrId>AWAS-18038</InstrId>
					<EndToEndId>AWAS:18038</EndToEndId>
				</PmtId>
				<Amt>
					<InstdAmt Ccy="USD">5000.00</InstdAmt>
				</Amt>
				<IntrmyAgt1>
					<FinInstnId>
						<BIC>CITIUS33</BIC>
						<PstlAdr>
							<Ctry>US</Ctry>
						</PstlAdr>
					</FinInstnId>
				</IntrmyAgt1>
				<CdtrAgt>
					<FinInstnId>
						<BIC>HELADEFFXXX</BIC>
						<Nm>Landesbank Hessen-Thur Girozentrale</Nm>
						<PstlAdr>
							<Ctry>DE</Ctry>
						</PstlAdr>
					</FinInstnId>
				</CdtrAgt>
				<Cdtr>
					<Nm>HELABA LANDESBANK</Nm>
					<PstlAdr>
						<StrtNm>GERMANY</StrtNm>
						<PstCd/>
						<TwnNm/>
						<CtrySubDvsn/>
						<Ctry>IE</Ctry>
					</PstlAdr>
					<Id>
						<OrgId>
							<Othr>
								<Id>5222</Id>
							</Othr>
						</OrgId>
					</Id>
				</Cdtr>
				<CdtrAcct>
					<Id>
						<Othr>
							<Id>10920118</Id>
						</Othr>
					</Id>
					<Nm>LANDESBANK HESSEN THUERINGEN FRANKFURT</Nm>
				</CdtrAcct>
				<RmtInf>
					<Ustrd>MSN39420 AGENCY FEE 16-12-11</Ustrd>
				</RmtInf>
			</CdtTrfTxInf>
			<CdtTrfTxInf>
				<PmtId>
					<InstrId>AWAS-18039</InstrId>
					<EndToEndId>AWAS:18039</EndToEndId>
				</PmtId>
				<Amt>
					<InstdAmt Ccy="USD">13460.55</InstdAmt>
				</Amt>
				<CdtrAgt>
					<FinInstnId>
						<BIC>HSBCVNVXVHN</BIC>
						<Nm>HSBC BANK (VIETNAM) LTD.</Nm>
						<PstlAdr>
							<Ctry>VN</Ctry>
						</PstlAdr>
					</FinInstnId>
				</CdtrAgt>
				<Cdtr>
					<Nm>VIETNAM INTERNATIONAL LAW FIRM</Nm>
					<PstlAdr>
						<StrtNm>VIETNAM</StrtNm>
						<PstCd/>
						<TwnNm/>
						<CtrySubDvsn/>
						<Ctry>VN</Ctry>
					</PstlAdr>
					<Id>
						<OrgId>
							<Othr>
								<Id>5224</Id>
							</Othr>
						</OrgId>
					</Id>
				</Cdtr>
				<CdtrAcct>
					<Id>
						<Othr>
							<Id>002-123222-101</Id>
						</Othr>
					</Id>
					<Nm>VILAF-HONG DUC</Nm>
				</CdtrAcct>
				<RmtInf>
					<Ustrd>A102005TTP2</Ustrd>
				</RmtInf>
			</CdtTrfTxInf>
			<CdtTrfTxInf>
				<PmtId>
					<InstrId>AWAS-18040</InstrId>
					<EndToEndId>AWAS:18040</EndToEndId>
				</PmtId>
				<Amt>
					<InstdAmt Ccy="USD">2289.80</InstdAmt>
				</Amt>
				<CdtrAgt>
					<FinInstnId>
						<BIC>CITISGSG</BIC>
						<Nm>Citibank</Nm>
						<PstlAdr>
							<Ctry>SG</Ctry>
						</PstlAdr>
					</FinInstnId>
				</CdtrAgt>
				<Cdtr>
					<Nm>AON GROUP LTD</Nm>
					<PstlAdr>
						<StrtNm>60 ANSON ROAD</StrtNm>
						<PstCd>079914</PstCd>
						<TwnNm/>
						<CtrySubDvsn>SINGAPORE</CtrySubDvsn>
						<Ctry>SG</Ctry>
					</PstlAdr>
					<Id>
						<OrgId>
							<Othr>
								<Id>0647277F</Id>
							</Othr>
						</OrgId>
					</Id>
				</Cdtr>
				<CdtrAcct>
					<Id>
						<Othr>
							<Id>0815363051</Id>
						</Othr>
					</Id>
					<Nm>AON SINGAPORE PTE LTD</Nm>
				</CdtrAcct>
				<Tax>
					<Cdtr>
						<TaxId>0647277F</TaxId>
					</Cdtr>
				</Tax>
				<RmtInf>
					<Ustrd>100814094</Ustrd>
				</RmtInf>
			</CdtTrfTxInf>
			<CdtTrfTxInf>
				<PmtId>
					<InstrId>AWAS-18041</InstrId>
					<EndToEndId>AWAS:18041</EndToEndId>
				</PmtId>
				<Amt>
					<InstdAmt Ccy="USD">950.00</InstdAmt>
				</Amt>
				<CdtrAgt>
					<FinInstnId>
						<BIC>BOFAUS3N</BIC>
						<Nm>BANK OF AMERICA, N.A.</Nm>
						<PstlAdr>
							<Ctry>US</Ctry>
						</PstlAdr>
					</FinInstnId>
				</CdtrAgt>
				<Cdtr>
					<Nm>COLLATERAL VERIFICATIONS LLC</Nm>
					<PstlAdr>
						<StrtNm>6 WILSON ROAD</StrtNm>
						<PstCd>06883</PstCd>
						<TwnNm/>
						<CtrySubDvsn>CT</CtrySubDvsn>
						<Ctry>US</Ctry>
					</PstlAdr>
					<Id>
						<OrgId>
							<Othr>
								<Id>XXX</Id>
							</Othr>
						</OrgId>
					</Id>
				</Cdtr>
				<CdtrAcct>
					<Id>
						<Othr>
							<Id>385004625478</Id>
						</Othr>
					</Id>
					<Nm>COLLATERAL VERIFICATIONS LLC</Nm>
				</CdtrAcct>
				<Tax>
					<Cdtr>
						<TaxId>XXX</TaxId>
					</Cdtr>
				</Tax>
				<RmtInf>
					<Ustrd>3</Ustrd>
				</RmtInf>
			</CdtTrfTxInf>
			<CdtTrfTxInf>
				<PmtId>
					<InstrId>AWAS-18051</InstrId>
					<EndToEndId>AWAS:18051</EndToEndId>
				</PmtId>
				<Amt>
					<InstdAmt Ccy="USD">22165.62</InstdAmt>
				</Amt>
				<CdtrAgt>
					<FinInstnId>
						<BIC>BNMXMXMM</BIC>
						<Nm>BANCO NACIONAL DE MEXICO S.A.</Nm>
						<PstlAdr>
							<Ctry>MX</Ctry>
						</PstlAdr>
					</FinInstnId>
				</CdtrAgt>
				<Cdtr>
					<Nm>WHITE  CASE LLP</Nm>
					<PstlAdr>
						<StrtNm>TORRE DEL BOSQUE PH</StrtNm>
						<PstCd/>
						<TwnNm>MEXICO</TwnNm>
						<CtrySubDvsn/>
						<Ctry>MX</Ctry>
					</PstlAdr>
					<Id>
						<OrgId>
							<Othr>
								<Id>244146969</Id>
							</Othr>
						</OrgId>
					</Id>
				</Cdtr>
				<CdtrAcct>
					<Id>
						<Othr>
							<Id>002180037793717931</Id>
						</Othr>
					</Id>
					<Nm>WHITE  CASE SC</Nm>
				</CdtrAcct>
				<Tax>
					<Cdtr>
						<TaxId>244146969</TaxId>
					</Cdtr>
				</Tax>
				<RmtInf>
					<Ustrd>2100-16-00086</Ustrd>
					<Ustrd>2100-16-00098</Ustrd>
				</RmtInf>
			</CdtTrfTxInf>
		</PmtInf>
		<PmtInf>
			<PmtInfId>38932_3</PmtInfId>
			<PmtMtd>TRF</PmtMtd>
			<BtchBookg>false</BtchBookg>
			<NbOfTxs>1</NbOfTxs>
			<CtrlSum>166718.00</CtrlSum>
			<PmtTpInf>
				<InstrPrty>NORM</InstrPrty>
				<SvcLvl>
					<Cd>URGP</Cd>
				</SvcLvl>
				<LclInstrm>
					<Cd/>
				</LclInstrm>
			</PmtTpInf>
			<ReqdExctnDt>2016-02-02</ReqdExctnDt>
			<Dbtr>
				<Nm>AWAS</Nm>
				<PstlAdr>
					<StrtNm>5th Floor, Block B</StrtNm>
					<PstCd>D02 EW65</PstCd>
					<TwnNm>Dublin 2</TwnNm>
					<CtrySubDvsn/>
					<Ctry>IE</Ctry>
				</PstlAdr>
				<Id>
					<OrgId>
						<Othr>
							<Id>SYS11982</Id>
						</Othr>
					</OrgId>
				</Id>
			</Dbtr>
			<DbtrAcct>
				<Id>
					<Othr>
						<Id>36870358</Id>
					</Othr>
				</Id>
				<Tp>
					<Cd>CACC</Cd>
				</Tp>
				<Ccy>USD</Ccy>
			</DbtrAcct>
			<DbtrAgt>
				<FinInstnId>
					<BIC>CITIUS33</BIC>
					<PstlAdr>
						<Ctry>US</Ctry>
					</PstlAdr>
				</FinInstnId>
			</DbtrAgt>
			<UltmtDbtr>
				<Nm>AWAS</Nm>
				<Id>
					<OrgId>
						<Othr>
							<Id>SYS11982</Id>
						</Othr>
					</OrgId>
				</Id>
			</UltmtDbtr>
			<ChrgBr>SHAR</ChrgBr>
			<CdtTrfTxInf>
				<PmtId>
					<InstrId>AWAS-18042</InstrId>
					<EndToEndId>AWAS:18042</EndToEndId>
				</PmtId>
				<Amt>
					<InstdAmt Ccy="NOK">166718.00</InstdAmt>
				</Amt>
				<CdtrAgt>
					<FinInstnId>
						<BIC>DNBANOKK</BIC>
						<Nm>DNB BANK ASA</Nm>
						<PstlAdr>
							<Ctry>NO</Ctry>
						</PstlAdr>
					</FinInstnId>
				</CdtrAgt>
				<Cdtr>
					<Nm>BAHR</Nm>
					<PstlAdr>
						<StrtNm>STRANDEN 1</StrtNm>
						<PstCd/>
						<TwnNm>OSLO</TwnNm>
						<CtrySubDvsn>NORWAY</CtrySubDvsn>
						<Ctry>NO</Ctry>
					</PstlAdr>
					<Id>
						<OrgId>
							<Othr>
								<Id>2727</Id>
							</Othr>
						</OrgId>
					</Id>
				</Cdtr>
				<CdtrAcct>
					<Id>
						<IBAN>NO7770560515624</IBAN>
					</Id>
					<Nm>BAHR</Nm>
				</CdtrAcct>
				<RmtInf>
					<Ustrd>425539</Ustrd>
				</RmtInf>
			</CdtTrfTxInf>
		</PmtInf>
		<PmtInf>
			<PmtInfId>38932_4</PmtInfId>
			<PmtMtd>TRF</PmtMtd>
			<BtchBookg>false</BtchBookg>
			<NbOfTxs>9</NbOfTxs>
			<CtrlSum>29986.54</CtrlSum>
			<PmtTpInf>
				<InstrPrty>NORM</InstrPrty>
				<SvcLvl>
					<Cd>URGP</Cd>
				</SvcLvl>
				<LclInstrm>
					<Cd/>
				</LclInstrm>
			</PmtTpInf>
			<ReqdExctnDt>2016-02-02</ReqdExctnDt>
			<Dbtr>
				<Nm>AWAS</Nm>
				<PstlAdr>
					<StrtNm>5th Floor, Block B</StrtNm>
					<PstCd>D02 EW65</PstCd>
					<TwnNm>Dublin 2</TwnNm>
					<CtrySubDvsn/>
					<Ctry>IE</Ctry>
				</PstlAdr>
				<Id>
					<OrgId>
						<Othr>
							<Id>SYS11982</Id>
						</Othr>
					</OrgId>
				</Id>
			</Dbtr>
			<DbtrAcct>
				<Id>
					<Othr>
						<Id>36870358</Id>
					</Othr>
				</Id>
				<Tp>
					<Cd>CACC</Cd>
				</Tp>
				<Ccy>USD</Ccy>
			</DbtrAcct>
			<DbtrAgt>
				<FinInstnId>
					<BIC>CITIUS33</BIC>
					<PstlAdr>
						<Ctry>US</Ctry>
					</PstlAdr>
				</FinInstnId>
			</DbtrAgt>
			<UltmtDbtr>
				<Nm>AWAS</Nm>
				<Id>
					<OrgId>
						<Othr>
							<Id>SYS11982</Id>
						</Othr>
					</OrgId>
				</Id>
			</UltmtDbtr>
			<ChrgBr>DEBT</ChrgBr>
			<CdtTrfTxInf>
				<PmtId>
					<InstrId>AWAS-18034</InstrId>
					<EndToEndId>AWAS:18034</EndToEndId>
				</PmtId>
				<Amt>
					<InstdAmt Ccy="USD">226.46</InstdAmt>
				</Amt>
				<CdtrAgt>
					<FinInstnId>
						<BIC>PNCCUS33</BIC>
						<Nm>PNC BANK, N.A.</Nm>
						<PstlAdr>
							<Ctry>US</Ctry>
						</PstlAdr>
					</FinInstnId>
				</CdtrAgt>
				<Cdtr>
					<Nm>CSC</Nm>
					<PstlAdr>
						<StrtNm>PO BOX 13397</StrtNm>
						<PstCd>19101-3397</PstCd>
						<TwnNm>PHILADELPHIA</TwnNm>
						<CtrySubDvsn>PA</CtrySubDvsn>
						<Ctry>US</Ctry>
					</PstlAdr>
					<Id>
						<OrgId>
							<Othr>
								<Id>913</Id>
							</Othr>
						</OrgId>
					</Id>
				</Cdtr>
				<CdtrAcct>
					<Id>
						<Othr>
							<Id>5603260058</Id>
						</Othr>
					</Id>
					<Nm>CSC CORPORATION SERVICE COMPANY</Nm>
				</CdtrAcct>
				<RmtInf>
					<Ustrd>81103931846</Ustrd>
				</RmtInf>
			</CdtTrfTxInf>
			<CdtTrfTxInf>
				<PmtId>
					<InstrId>AWAS-18043</InstrId>
					<EndToEndId>AWAS:18043</EndToEndId>
				</PmtId>
				<Amt>
					<InstdAmt Ccy="USD">4259.00</InstdAmt>
				</Amt>
				<CdtrAgt>
					<FinInstnId>
						<BIC>FEBKUS6L</BIC>
						<Nm>1ST ENTERPRISE BANK</Nm>
						<PstlAdr>
							<Ctry>US</Ctry>
						</PstlAdr>
					</FinInstnId>
				</CdtrAgt>
				<Cdtr>
					<Nm>PACMIN</Nm>
					<PstlAdr>
						<StrtNm>2021 RAYMER AVE</StrtNm>
						<PstCd>92833</PstCd>
						<TwnNm>FULLERTON</TwnNm>
						<CtrySubDvsn>CALIFORNIAUNITED STATES</CtrySubDvsn>
						<Ctry>US</Ctry>
					</PstlAdr>
					<Id>
						<OrgId>
							<Othr>
								<Id>3763</Id>
							</Othr>
						</OrgId>
					</Id>
				</Cdtr>
				<CdtrAcct>
					<Id>
						<Othr>
							<Id>020108994</Id>
						</Othr>
					</Id>
					<Nm>PACMIN INC</Nm>
				</CdtrAcct>
				<RmtInf>
					<Ustrd>0000067975</Ustrd>
				</RmtInf>
			</CdtTrfTxInf>
			<CdtTrfTxInf>
				<PmtId>
					<InstrId>AWAS-18044</InstrId>
					<EndToEndId>AWAS:18044</EndToEndId>
				</PmtId>
				<Amt>
					<InstdAmt Ccy="USD">210.00</InstdAmt>
				</Amt>
				<IntrmyAgt1>
					<FinInstnId>
						<BIC>CHASUS33</BIC>
					</FinInstnId>
				</IntrmyAgt1>
				<CdtrAgt>
					<FinInstnId>
						<BIC>HSHNSGSG</BIC>
						<Nm>HSH Nordbank AG</Nm>
						<PstlAdr>
							<Ctry>SG</Ctry>
						</PstlAdr>
					</FinInstnId>
				</CdtrAgt>
				<Cdtr>
					<Nm>HSH NORDBANK SINGAPORE</Nm>
					<PstlAdr>
						<StrtNm>3 Temasek Avenue</StrtNm>
						<PstCd>39190</PstCd>
						<TwnNm>Singapore</TwnNm>
						<CtrySubDvsn/>
						<Ctry>SG</Ctry>
					</PstlAdr>
					<Id>
						<OrgId>
							<Othr>
								<Id>3341</Id>
							</Othr>
						</OrgId>
					</Id>
				</Cdtr>
				<CdtrAcct>
					<Id>
						<Othr>
							<Id>400930498</Id>
						</Othr>
					</Id>
					<Nm>HSH NORDBANK AG SINGAPORE BRANCH</Nm>
				</CdtrAcct>
				<RmtInf>
					<Ustrd>AUDIT CONFIRMATION FEE 35793</Ustrd>
					<Ustrd>AUDIT CONFIRMATION FEE A330-732</Ustrd>
					<Ustrd>AUDIT CONFIRMATION FEE PAFCO 728</Ustrd>
					<Ustrd>AUDIT CONFIRMATION FEE PAFCO A330 728</Ustrd>
					<Ustrd>AUDIT CONFIRMATION FEE PEGASUS AVIATION A330-2 LTD</Ustrd>
					<Ustrd>AUDIT CONFIRMATION FEE PEGASUS AVIATION A330-3 LTD</Ustrd>
				</RmtInf>
			</CdtTrfTxInf>
			<CdtTrfTxInf>
				<PmtId>
					<InstrId>AWAS-18045</InstrId>
					<EndToEndId>AWAS:18045</EndToEndId>
				</PmtId>
				<Amt>
					<InstdAmt Ccy="USD">4013.08</InstdAmt>
				</Amt>
				<CdtrAgt>
					<FinInstnId>
						<ClrSysMmbId>
							<MmbId>061000052</MmbId>
						</ClrSysMmbId>
						<Nm>BANK OF AMERICA, N.A.</Nm>
						<PstlAdr>
							<Ctry>US</Ctry>
						</PstlAdr>
					</FinInstnId>
				</CdtrAgt>
				<Cdtr>
					<Nm>RECALL SECURE DESTRUCTION SERVICES</Nm>
					<PstlAdr>
						<StrtNm>PO BOX 932726</StrtNm>
						<PstCd/>
						<TwnNm/>
						<CtrySubDvsn/>
						<Ctry>US</Ctry>
					</PstlAdr>
					<Id>
						<OrgId>
							<Othr>
								<Id>1749</Id>
							</Othr>
						</OrgId>
					</Id>
				</Cdtr>
				<CdtrAcct>
					<Id>
						<Othr>
							<Id>334010379543</Id>
						</Othr>
					</Id>
					<Nm>RECALL SECURE DESTRUCTION SERVICES</Nm>
				</CdtrAcct>
				<RmtInf>
					<Ustrd>1072772332</Ustrd>
					<Ustrd>1072797472</Ustrd>
				</RmtInf>
			</CdtTrfTxInf>
			<CdtTrfTxInf>
				<PmtId>
					<InstrId>AWAS-18046</InstrId>
					<EndToEndId>AWAS:18046</EndToEndId>
				</PmtId>
				<Amt>
					<InstdAmt Ccy="USD">8127.00</InstdAmt>
				</Amt>
				<CdtrAgt>
					<FinInstnId>
						<ClrSysMmbId>
							<MmbId>021001486</MmbId>
						</ClrSysMmbId>
						<Nm>CITIBANK N.A.</Nm>
						<PstlAdr>
							<Ctry>US</Ctry>
						</PstlAdr>
					</FinInstnId>
				</CdtrAgt>
				<Cdtr>
					<Nm>BK ASSOCIATES INC</Nm>
					<PstlAdr>
						<StrtNm>1295 NORTHER BOULEVARD</StrtNm>
						<PstCd>11030</PstCd>
						<TwnNm>MANHASSET</TwnNm>
						<CtrySubDvsn>NEW YORKUNITED STATES</CtrySubDvsn>
						<Ctry>US</Ctry>
					</PstlAdr>
					<Id>
						<OrgId>
							<Othr>
								<Id>1490</Id>
							</Othr>
						</OrgId>
					</Id>
				</Cdtr>
				<CdtrAcct>
					<Id>
						<Othr>
							<Id>12023321</Id>
						</Othr>
					</Id>
					<Nm>BK ASSOCIATES INC</Nm>
				</CdtrAcct>
				<RmtInf>
					<Ustrd>5429-7576</Ustrd>
				</RmtInf>
			</CdtTrfTxInf>
			<CdtTrfTxInf>
				<PmtId>
					<InstrId>AWAS-18047</InstrId>
					<EndToEndId>AWAS:18047</EndToEndId>
				</PmtId>
				<Amt>
					<InstdAmt Ccy="USD">2800.00</InstdAmt>
				</Amt>
				<IntrmyAgt1>
					<FinInstnId>
						<BIC>IRVTUS3N</BIC>
					</FinInstnId>
				</IntrmyAgt1>
				<CdtrAgt>
					<FinInstnId>
						<ClrSysMmbId>
							<MmbId>314074269</MmbId>
						</ClrSysMmbId>
						<Nm>USAA Federal Savings Bank</Nm>
						<PstlAdr>
							<Ctry>US</Ctry>
						</PstlAdr>
					</FinInstnId>
				</CdtrAgt>
				<Cdtr>
					<Nm>DIANA MATSON</Nm>
					<PstlAdr>
						<StrtNm>MIAMI</StrtNm>
						<PstCd/>
						<TwnNm/>
						<CtrySubDvsn/>
						<Ctry>US</Ctry>
					</PstlAdr>
					<Id>
						<OrgId>
							<Othr>
								<Id>.</Id>
							</Othr>
						</OrgId>
					</Id>
				</Cdtr>
				<CdtrAcct>
					<Id>
						<Othr>
							<Id>164760075</Id>
						</Othr>
					</Id>
					<Nm>Diana M Matson</Nm>
				</CdtrAcct>
				<Tax>
					<Cdtr>
						<TaxId>.</TaxId>
					</Cdtr>
				</Tax>
				<RmtInf>
					<Ustrd>204</Ustrd>
				</RmtInf>
			</CdtTrfTxInf>
			<CdtTrfTxInf>
				<PmtId>
					<InstrId>AWAS-18048</InstrId>
					<EndToEndId>AWAS:18048</EndToEndId>
				</PmtId>
				<Amt>
					<InstdAmt Ccy="USD">4200.00</InstdAmt>
				</Amt>
				<CdtrAgt>
					<FinInstnId>
						<ClrSysMmbId>
							<MmbId>063100277</MmbId>
						</ClrSysMmbId>
						<Nm>BANK OF AMERICA, N.A.</Nm>
						<PstlAdr>
							<Ctry>US</Ctry>
						</PstlAdr>
					</FinInstnId>
				</CdtrAgt>
				<Cdtr>
					<Nm>FRANCISCO LEON LOPEZ</Nm>
					<PstlAdr>
						<StrtNm>7741 MADIERA STREET</StrtNm>
						<PstCd>33023</PstCd>
						<TwnNm>FLORIDA</TwnNm>
						<CtrySubDvsn>FL</CtrySubDvsn>
						<Ctry>US</Ctry>
					</PstlAdr>
					<Id>
						<OrgId>
							<Othr>
								<Id>5897</Id>
							</Othr>
						</OrgId>
					</Id>
				</Cdtr>
				<CdtrAcct>
					<Id>
						<Othr>
							<Id>898034955537</Id>
						</Othr>
					</Id>
					<Nm>FRANCISCO LOPEZ</Nm>
				</CdtrAcct>
				<RmtInf>
					<Ustrd>AWW0316</Ustrd>
				</RmtInf>
			</CdtTrfTxInf>
			<CdtTrfTxInf>
				<PmtId>
					<InstrId>AWAS-18049</InstrId>
					<EndToEndId>AWAS:18049</EndToEndId>
				</PmtId>
				<Amt>
					<InstdAmt Ccy="USD">948.00</InstdAmt>
				</Amt>
				<CdtrAgt>
					<FinInstnId>
						<BIC>CHASUS33</BIC>
						<Nm>JPMORGAN CHASE BANK, N.A.</Nm>
						<PstlAdr>
							<Ctry>US</Ctry>
						</PstlAdr>
					</FinInstnId>
				</CdtrAgt>
				<Cdtr>
					<Nm>TORRICELLA PASTOR PLLC</Nm>
					<PstlAdr>
						<StrtNm>1428 BRICKELL AVENUE</StrtNm>
						<PstCd>33131</PstCd>
						<TwnNm>MIAMI</TwnNm>
						<CtrySubDvsn>FL</CtrySubDvsn>
						<Ctry>US</Ctry>
					</PstlAdr>
					<Id>
						<OrgId>
							<Othr>
								<Id>6004</Id>
							</Othr>
						</OrgId>
					</Id>
				</Cdtr>
				<CdtrAcct>
					<Id>
						<Othr>
							<Id>589517817</Id>
						</Othr>
					</Id>
					<Nm>TORRICELLA PASTOR, PLLC OPERATING ACCOUNT</Nm>
				</CdtrAcct>
				<RmtInf>
					<Ustrd>948</Ustrd>
				</RmtInf>
			</CdtTrfTxInf>
			<CdtTrfTxInf>
				<PmtId>
					<InstrId>AWAS-18050</InstrId>
					<EndToEndId>AWAS:18050</EndToEndId>
				</PmtId>
				<Amt>
					<InstdAmt Ccy="USD">5203.00</InstdAmt>
				</Amt>
				<CdtrAgt>
					<FinInstnId>
						<BIC>BOFIIE2D</BIC>
						<Nm>Bank of Ireland</Nm>
						<PstlAdr>
							<Ctry>AU</Ctry>
						</PstlAdr>
					</FinInstnId>
				</CdtrAgt>
				<Cdtr>
					<Nm>ACUMEN AVIATION EUROPE LTD</Nm>
					<PstlAdr>
						<StrtNm>SUITE 1236</StrtNm>
						<PstCd/>
						<TwnNm>DUBLIN</TwnNm>
						<CtrySubDvsn>DUBLIN 2</CtrySubDvsn>
						<Ctry>IE</Ctry>
					</PstlAdr>
					<Id>
						<OrgId>
							<Othr>
								<Id>IE3179824FH</Id>
							</Othr>
						</OrgId>
					</Id>
				</Cdtr>
				<CdtrAcct>
					<Id>
						<IBAN>IE75BOFI90318928183478</IBAN>
					</Id>
					<Nm>ACUMEN AVIATION EUROPE LTD.</Nm>
				</CdtrAcct>
				<Tax>
					<Cdtr>
						<TaxId>IE3179824FH</TaxId>
					</Cdtr>
				</Tax>
				<RmtInf>
					<Ustrd>AE411</Ustrd>
					<Ustrd>AE413</Ustrd>
				</RmtInf>
			</CdtTrfTxInf>
		</PmtInf>
	</CstmrCdtTrfInitn>
</Document>